<record><leader>00000cas a2200000 a 4500</leader><controlfield tag="001">10858661</controlfield><controlfield tag="008">840619d18531855vtuwr ne      0    0eng c</controlfield><datafield ind1=" " ind2=" " tag="010"><subfield code="a">sn 84023307 </subfield></datafield><datafield ind1=" " ind2=" " tag="040"><subfield code="a">AQM</subfield><subfield code="b">eng</subfield><subfield code="c">AQM</subfield><subfield code="d">NPX</subfield><subfield code="d">DLC</subfield><subfield code="d">NVN</subfield><subfield code="d">OCL</subfield><subfield code="d">NVN</subfield><subfield code="d">OCLCG</subfield><subfield code="d">OCLCQ</subfield><subfield code="d">OCLCA</subfield><subfield code="d">OCLCF</subfield><subfield code="d">OCLCO</subfield></datafield><datafield ind1="1" ind2=" " tag="029"><subfield code="a">AU@</subfield><subfield code="b">000020228355</subfield></datafield><datafield ind1=" " ind2=" " tag="042"><subfield code="a">pcc</subfield></datafield><datafield ind1=" " ind2=" " tag="043"><subfield code="a">n-us-vt</subfield></datafield><datafield ind1="0" ind2="4" tag="245"><subfield code="a">The Woodstock Mercury, and Windsor County advertiser.</subfield></datafield><datafield ind1=" " ind2=" " tag="260"><subfield code="a">Woodstock, Vt. :</subfield><subfield code="b">Haskell &amp; Palmer</subfield></datafield><datafield ind1=" " ind2=" " tag="300"><subfield code="a">v.</subfield></datafield><datafield ind1=" " ind2=" " tag="310"><subfield code="a">Weekly</subfield></datafield><datafield ind1="1" ind2=" " tag="362"><subfield code="a">Vol. 17, no. 34 (Nov. 3, 1853)-v. 18, no. 52 (Mar. 5, 1855).</subfield></datafield><datafield ind1=" " ind2=" " tag="500"><subfield code="a">Editor: N. Haskell, 1853-1855.</subfield></datafield><datafield ind1=" " ind2="0" tag="651"><subfield code="a">Woodstock (Vt.)</subfield><subfield code="v">Newspapers.</subfield></datafield><datafield ind1=" " ind2="7" tag="655"><subfield code="a">Newspapers.</subfield><subfield code="2">fast</subfield><subfield code="0">(OCoLC)fst01423814</subfield></datafield><datafield ind1=" " ind2="7" tag="651"><subfield code="a">Vermont</subfield><subfield code="z">Woodstock.</subfield><subfield code="2">fast</subfield><subfield code="0">(OCoLC)fst01211519</subfield></datafield><datafield ind1="1" ind2=" " tag="700"><subfield code="a">Haskell, Nahum,</subfield><subfield code="d">-1867.</subfield></datafield><datafield ind1=" " ind2=" " tag="752"><subfield code="a">United States</subfield><subfield code="b">Vermont</subfield><subfield code="c">Windsor</subfield><subfield code="d">Woodstock.</subfield></datafield><datafield ind1="0" ind2="0" tag="780"><subfield code="t">Woodstock Mercury</subfield><subfield code="w">(DLC)sn 84023306</subfield><subfield code="w">(OCoLC)10858623</subfield></datafield></record>